%YAML 1.1
%TAG !u! tag:unity3d.com,2011:
--- !u!114 &55582720
MonoBehaviour:
  m_ObjectHideFlags: 0
  m_CorrespondingSourceObject: {fileID: 0}
  m_PrefabInstance: {fileID: 0}
  m_PrefabAsset: {fileID: 0}
  m_GameObject: {fileID: 3587289546253345152}
  m_Enabled: 1
  m_EditorHideFlags: 0
  m_Script: {fileID: 11500000, guid: 0d0075ebe86f64645a5f1ae757e78742, type: 3}
  m_Name: 
  m_EditorClassIdentifier: 
  localEulerRate: {x: 0, y: 360, z: 0}
--- !u!1 &7745883262560205441
GameObject:
  m_ObjectHideFlags: 0
  m_CorrespondingSourceObject: {fileID: 0}
  m_PrefabInstance: {fileID: 0}
  m_PrefabAsset: {fileID: 0}
  serializedVersion: 6
  m_Component:
  - component: {fileID: 7745883262560205501}
  - component: {fileID: 7745883262560205443}
  - component: {fileID: 7745883262560205442}
  - component: {fileID: 7745883262560205502}
  - component: {fileID: 114388056698775568}
  m_Layer: 0
  m_Name: SPACEBUG_MENU
  m_TagString: Untagged
  m_Icon: {fileID: 0}
  m_NavMeshLayer: 0
  m_StaticEditorFlags: 0
  m_IsActive: 1
--- !u!4 &7745883262560205501
Transform:
  m_ObjectHideFlags: 0
  m_CorrespondingSourceObject: {fileID: 0}
  m_PrefabInstance: {fileID: 0}
  m_PrefabAsset: {fileID: 0}
  m_GameObject: {fileID: 7745883262560205441}
  m_LocalRotation: {x: 0, y: 0, z: 0, w: 1}
  m_LocalPosition: {x: 0, y: 0, z: 0}
  m_LocalScale: {x: 1, y: 1, z: 1}
  m_Children:
  - {fileID: 6960961976947813252}
  m_Father: {fileID: 0}
  m_RootOrder: 0
  m_LocalEulerAnglesHint: {x: 0, y: 0, z: 0}
--- !u!114 &7745883262560205443
MonoBehaviour:
  m_ObjectHideFlags: 0
  m_CorrespondingSourceObject: {fileID: 0}
  m_PrefabInstance: {fileID: 0}
  m_PrefabAsset: {fileID: 0}
  m_GameObject: {fileID: 7745883262560205441}
  m_Enabled: 0
  m_EditorHideFlags: 0
  m_Script: {fileID: 11500000, guid: f075bf25bbcad92469ba9fc73d35430c, type: 3}
  m_Name: 
  m_EditorClassIdentifier: 
  movement: {fileID: 7745883262560205442}
  audioSource: {fileID: 0}
  enemySpawnSfx: {fileID: 8300000, guid: 769de2499b3504377be46131e6395391, type: 3}
  enemyDeathSfx: {fileID: 8300000, guid: 63ccd29a37fba41c98732e2ce732d9d1, type: 3}
--- !u!114 &7745883262560205442
MonoBehaviour:
  m_ObjectHideFlags: 0
  m_CorrespondingSourceObject: {fileID: 0}
  m_PrefabInstance: {fileID: 0}
  m_PrefabAsset: {fileID: 0}
  m_GameObject: {fileID: 7745883262560205441}
  m_Enabled: 1
  m_EditorHideFlags: 0
  m_Script: {fileID: 11500000, guid: a11477663cf129545989d68f984f341e, type: 3}
  m_Name: 
  m_EditorClassIdentifier: 
  moveDelta: 12
--- !u!60 &7745883262560205502
PolygonCollider2D:
  m_ObjectHideFlags: 0
  m_CorrespondingSourceObject: {fileID: 0}
  m_PrefabInstance: {fileID: 0}
  m_PrefabAsset: {fileID: 0}
  m_GameObject: {fileID: 7745883262560205441}
  m_Enabled: 0
  m_Density: 1
  m_Material: {fileID: 0}
  m_IsTrigger: 0
  m_UsedByEffector: 0
  m_UsedByComposite: 0
  m_Offset: {x: 0, y: 0}
  m_SpriteTilingProperty:
    border: {x: 0, y: 0, z: 0, w: 0}
    pivot: {x: 0.5, y: 0.5}
    oldSize: {x: 1, y: 1}
    newSize: {x: 1, y: 1}
    adaptiveTilingThreshold: 0.5
    drawMode: 0
    adaptiveTiling: 0
  m_AutoTiling: 0
  m_Points:
    m_Paths:
    - - {x: 0, y: 0.5}
      - {x: -0.47552827, y: 0.15450849}
      - {x: -0.2938926, y: -0.40450853}
      - {x: 0.29389268, y: -0.40450847}
      - {x: 0.47552824, y: 0.15450856}
--- !u!114 &114388056698775568
MonoBehaviour:
  m_ObjectHideFlags: 0
  m_CorrespondingSourceObject: {fileID: 0}
  m_PrefabInstance: {fileID: 0}
  m_PrefabAsset: {fileID: 0}
  m_GameObject: {fileID: 7745883262560205441}
  m_Enabled: 1
  m_EditorHideFlags: 0
  m_Script: {fileID: 11500000, guid: d281fd5a07a066943b1eef9d7b5cb81d, type: 3}
  m_Name: 
  m_EditorClassIdentifier: 
  life: 100
--- !u!1001 &5340397430178245543
PrefabInstance:
  m_ObjectHideFlags: 0
  serializedVersion: 2
  m_Modification:
    m_TransformParent: {fileID: 7745883262560205501}
    m_Modifications:
    - target: {fileID: 8922893088549620263, guid: fdc26b84e19902d4c9db7cca44a54492,
        type: 3}
      propertyPath: m_Name
      value: SPACEbug
      objectReference: {fileID: 0}
    - target: {fileID: 3064322562178105379, guid: fdc26b84e19902d4c9db7cca44a54492,
        type: 3}
      propertyPath: m_LocalPosition.x
      value: 0
      objectReference: {fileID: 0}
    - target: {fileID: 3064322562178105379, guid: fdc26b84e19902d4c9db7cca44a54492,
        type: 3}
      propertyPath: m_LocalPosition.y
      value: 0
      objectReference: {fileID: 0}
    - target: {fileID: 3064322562178105379, guid: fdc26b84e19902d4c9db7cca44a54492,
        type: 3}
      propertyPath: m_LocalPosition.z
      value: 0
      objectReference: {fileID: 0}
    - target: {fileID: 3064322562178105379, guid: fdc26b84e19902d4c9db7cca44a54492,
        type: 3}
      propertyPath: m_LocalRotation.x
      value: -0
      objectReference: {fileID: 0}
    - target: {fileID: 3064322562178105379, guid: fdc26b84e19902d4c9db7cca44a54492,
        type: 3}
      propertyPath: m_LocalRotation.y
      value: -0
      objectReference: {fileID: 0}
    - target: {fileID: 3064322562178105379, guid: fdc26b84e19902d4c9db7cca44a54492,
        type: 3}
      propertyPath: m_LocalRotation.z
      value: -0
      objectReference: {fileID: 0}
    - target: {fileID: 3064322562178105379, guid: fdc26b84e19902d4c9db7cca44a54492,
        type: 3}
      propertyPath: m_LocalRotation.w
      value: 1
      objectReference: {fileID: 0}
    - target: {fileID: 3064322562178105379, guid: fdc26b84e19902d4c9db7cca44a54492,
        type: 3}
      propertyPath: m_RootOrder
      value: 0
      objectReference: {fileID: 0}
    - target: {fileID: 3064322562178105379, guid: fdc26b84e19902d4c9db7cca44a54492,
        type: 3}
      propertyPath: m_LocalEulerAnglesHint.x
      value: 0
      objectReference: {fileID: 0}
    - target: {fileID: 3064322562178105379, guid: fdc26b84e19902d4c9db7cca44a54492,
        type: 3}
      propertyPath: m_LocalEulerAnglesHint.y
      value: 0
      objectReference: {fileID: 0}
    - target: {fileID: 3064322562178105379, guid: fdc26b84e19902d4c9db7cca44a54492,
        type: 3}
      propertyPath: m_LocalEulerAnglesHint.z
      value: 0
      objectReference: {fileID: 0}
    - target: {fileID: 364189321934295704, guid: fdc26b84e19902d4c9db7cca44a54492,
        type: 3}
      propertyPath: m_LocalRotation.x
      value: 0.7071068
      objectReference: {fileID: 0}
    - target: {fileID: 364189321934295704, guid: fdc26b84e19902d4c9db7cca44a54492,
        type: 3}
      propertyPath: m_LocalRotation.w
      value: 0.7071068
      objectReference: {fileID: 0}
    - target: {fileID: 364189321934295704, guid: fdc26b84e19902d4c9db7cca44a54492,
        type: 3}
      propertyPath: m_LocalEulerAnglesHint.x
      value: 90
      objectReference: {fileID: 0}
    m_RemovedComponents:
    - {fileID: 7001466708280008414, guid: fdc26b84e19902d4c9db7cca44a54492, type: 3}
  m_SourcePrefab: {fileID: 100100000, guid: fdc26b84e19902d4c9db7cca44a54492, type: 3}
--- !u!1 &3587289546253345152 stripped
GameObject:
  m_CorrespondingSourceObject: {fileID: 8922893088549620263, guid: fdc26b84e19902d4c9db7cca44a54492,
    type: 3}
  m_PrefabInstance: {fileID: 5340397430178245543}
  m_PrefabAsset: {fileID: 0}
--- !u!4 &6960961976947813252 stripped
Transform:
  m_CorrespondingSourceObject: {fileID: 3064322562178105379, guid: fdc26b84e19902d4c9db7cca44a54492,
    type: 3}
  m_PrefabInstance: {fileID: 5340397430178245543}
  m_PrefabAsset: {fileID: 0}
