%YAML 1.1
%TAG !u! tag:unity3d.com,2011:
--- !u!1 &228401207209915591
GameObject:
  m_ObjectHideFlags: 0
  m_CorrespondingSourceObject: {fileID: 0}
  m_PrefabInstance: {fileID: 0}
  m_PrefabAsset: {fileID: 0}
  serializedVersion: 6
  m_Component:
  - component: {fileID: 3628474645719263274}
  m_Layer: 0
  m_Name: GameObject
  m_TagString: Untagged
  m_Icon: {fileID: 0}
  m_NavMeshLayer: 0
  m_StaticEditorFlags: 0
  m_IsActive: 1
--- !u!4 &3628474645719263274
Transform:
  m_ObjectHideFlags: 0
  m_CorrespondingSourceObject: {fileID: 0}
  m_PrefabInstance: {fileID: 0}
  m_PrefabAsset: {fileID: 0}
  m_GameObject: {fileID: 228401207209915591}
  m_LocalRotation: {x: -0.21234491, y: -0.11829208, z: -0.048476677, w: 0.96879655}
  m_LocalPosition: {x: -0.025282973, y: 0.02237729, z: -0.0056438833}
  m_LocalScale: {x: 1, y: 1, z: 1}
  m_Children:
  - {fileID: 2363766920103685327}
  - {fileID: 4872013680354479338}
  m_Father: {fileID: 1611164474726259724}
  m_RootOrder: 0
  m_LocalEulerAnglesHint: {x: -25.018002, y: -13.31, z: -2.7640002}
--- !u!114 &5600262233758372537
MonoBehaviour:
  m_ObjectHideFlags: 0
  m_CorrespondingSourceObject: {fileID: 0}
  m_PrefabInstance: {fileID: 0}
  m_PrefabAsset: {fileID: 0}
  m_GameObject: {fileID: 2363766920104046831}
  m_Enabled: 1
  m_EditorHideFlags: 0
  m_Script: {fileID: 11500000, guid: 0d0075ebe86f64645a5f1ae757e78742, type: 3}
  m_Name: 
  m_EditorClassIdentifier: 
  localEulerRate: {x: 0, y: 8, z: 0}
--- !u!1 &4673407465165557544
GameObject:
  m_ObjectHideFlags: 0
  m_CorrespondingSourceObject: {fileID: 0}
  m_PrefabInstance: {fileID: 0}
  m_PrefabAsset: {fileID: 0}
  serializedVersion: 6
  m_Component:
  - component: {fileID: 1611164474726259724}
  - component: {fileID: 5970147949702853055}
  m_Layer: 0
  m_Name: Planet_Ring
  m_TagString: Untagged
  m_Icon: {fileID: 0}
  m_NavMeshLayer: 0
  m_StaticEditorFlags: 0
  m_IsActive: 1
--- !u!4 &1611164474726259724
Transform:
  m_ObjectHideFlags: 0
  m_CorrespondingSourceObject: {fileID: 0}
  m_PrefabInstance: {fileID: 0}
  m_PrefabAsset: {fileID: 0}
  m_GameObject: {fileID: 4673407465165557544}
  m_LocalRotation: {x: 0, y: 0, z: 0, w: 1}
  m_LocalPosition: {x: 0, y: 0, z: 0}
  m_LocalScale: {x: 2.16, y: 2.16, z: 2.16}
  m_Children:
  - {fileID: 3628474645719263274}
  m_Father: {fileID: 0}
  m_RootOrder: 0
  m_LocalEulerAnglesHint: {x: 0, y: 0, z: 0}
--- !u!114 &5970147949702853055
MonoBehaviour:
  m_ObjectHideFlags: 0
  m_CorrespondingSourceObject: {fileID: 0}
  m_PrefabInstance: {fileID: 0}
  m_PrefabAsset: {fileID: 0}
  m_GameObject: {fileID: 4673407465165557544}
  m_Enabled: 1
  m_EditorHideFlags: 0
  m_Script: {fileID: 11500000, guid: a1a6e0b1b26eb99458da86f3a31dc6fc, type: 3}
  m_Name: 
  m_EditorClassIdentifier: 
  life: 100
  speed: 0.01
  spinSpeed: 0
  rotate: 1
--- !u!114 &3520845962455117869
MonoBehaviour:
  m_ObjectHideFlags: 0
  m_CorrespondingSourceObject: {fileID: 0}
  m_PrefabInstance: {fileID: 0}
  m_PrefabAsset: {fileID: 0}
  m_GameObject: {fileID: 4872013680354054346}
  m_Enabled: 1
  m_EditorHideFlags: 0
  m_Script: {fileID: 11500000, guid: 0d0075ebe86f64645a5f1ae757e78742, type: 3}
  m_Name: 
  m_EditorClassIdentifier: 
  localEulerRate: {x: 0, y: 10, z: 0}
--- !u!1001 &2363766920104080975
PrefabInstance:
  m_ObjectHideFlags: 0
  serializedVersion: 2
  m_Modification:
    m_TransformParent: {fileID: 3628474645719263274}
    m_Modifications:
    - target: {fileID: 100000, guid: 2fd8ff1df950e4c4d8a457e01410c7f5, type: 3}
      propertyPath: m_Name
      value: meteor_mid (1)
      objectReference: {fileID: 0}
    - target: {fileID: 400000, guid: 2fd8ff1df950e4c4d8a457e01410c7f5, type: 3}
      propertyPath: m_LocalPosition.x
      value: 0
      objectReference: {fileID: 0}
    - target: {fileID: 400000, guid: 2fd8ff1df950e4c4d8a457e01410c7f5, type: 3}
      propertyPath: m_LocalPosition.y
      value: 0
      objectReference: {fileID: 0}
    - target: {fileID: 400000, guid: 2fd8ff1df950e4c4d8a457e01410c7f5, type: 3}
      propertyPath: m_LocalPosition.z
      value: 0
      objectReference: {fileID: 0}
    - target: {fileID: 400000, guid: 2fd8ff1df950e4c4d8a457e01410c7f5, type: 3}
      propertyPath: m_LocalRotation.x
      value: 0
      objectReference: {fileID: 0}
    - target: {fileID: 400000, guid: 2fd8ff1df950e4c4d8a457e01410c7f5, type: 3}
      propertyPath: m_LocalRotation.y
      value: 0
      objectReference: {fileID: 0}
    - target: {fileID: 400000, guid: 2fd8ff1df950e4c4d8a457e01410c7f5, type: 3}
      propertyPath: m_LocalRotation.z
      value: 0
      objectReference: {fileID: 0}
    - target: {fileID: 400000, guid: 2fd8ff1df950e4c4d8a457e01410c7f5, type: 3}
      propertyPath: m_LocalRotation.w
      value: 1
      objectReference: {fileID: 0}
    - target: {fileID: 400000, guid: 2fd8ff1df950e4c4d8a457e01410c7f5, type: 3}
      propertyPath: m_RootOrder
      value: 0
      objectReference: {fileID: 0}
    - target: {fileID: 400000, guid: 2fd8ff1df950e4c4d8a457e01410c7f5, type: 3}
      propertyPath: m_LocalEulerAnglesHint.x
      value: 0
      objectReference: {fileID: 0}
    - target: {fileID: 400000, guid: 2fd8ff1df950e4c4d8a457e01410c7f5, type: 3}
      propertyPath: m_LocalEulerAnglesHint.y
      value: 0
      objectReference: {fileID: 0}
    - target: {fileID: 400000, guid: 2fd8ff1df950e4c4d8a457e01410c7f5, type: 3}
      propertyPath: m_LocalEulerAnglesHint.z
      value: 0
      objectReference: {fileID: 0}
    - target: {fileID: 400000, guid: 2fd8ff1df950e4c4d8a457e01410c7f5, type: 3}
      propertyPath: m_LocalScale.x
      value: 2.5928
      objectReference: {fileID: 0}
    - target: {fileID: 400000, guid: 2fd8ff1df950e4c4d8a457e01410c7f5, type: 3}
      propertyPath: m_LocalScale.y
      value: 2.5928001
      objectReference: {fileID: 0}
    - target: {fileID: 400000, guid: 2fd8ff1df950e4c4d8a457e01410c7f5, type: 3}
      propertyPath: m_LocalScale.z
      value: 2.5928001
      objectReference: {fileID: 0}
    - target: {fileID: 2300000, guid: 2fd8ff1df950e4c4d8a457e01410c7f5, type: 3}
      propertyPath: m_Materials.Array.data[0]
      value: 
      objectReference: {fileID: 2100000, guid: 4d169d457eb1c3d46846361be94f2c63, type: 2}
    m_RemovedComponents: []
  m_SourcePrefab: {fileID: 100100000, guid: 2fd8ff1df950e4c4d8a457e01410c7f5, type: 3}
--- !u!1 &2363766920104046831 stripped
GameObject:
  m_CorrespondingSourceObject: {fileID: 100000, guid: 2fd8ff1df950e4c4d8a457e01410c7f5,
    type: 3}
  m_PrefabInstance: {fileID: 2363766920104080975}
  m_PrefabAsset: {fileID: 0}
--- !u!4 &2363766920103685327 stripped
Transform:
  m_CorrespondingSourceObject: {fileID: 400000, guid: 2fd8ff1df950e4c4d8a457e01410c7f5,
    type: 3}
  m_PrefabInstance: {fileID: 2363766920104080975}
  m_PrefabAsset: {fileID: 0}
--- !u!1001 &4872013680354088554
PrefabInstance:
  m_ObjectHideFlags: 0
  serializedVersion: 2
  m_Modification:
    m_TransformParent: {fileID: 3628474645719263274}
    m_Modifications:
    - target: {fileID: 100000, guid: b1ccec4d74cf6e146953f61dd196b0d9, type: 3}
      propertyPath: m_Name
      value: Extra_Planet_Ring
      objectReference: {fileID: 0}
    - target: {fileID: 400000, guid: b1ccec4d74cf6e146953f61dd196b0d9, type: 3}
      propertyPath: m_LocalPosition.x
      value: 0
      objectReference: {fileID: 0}
    - target: {fileID: 400000, guid: b1ccec4d74cf6e146953f61dd196b0d9, type: 3}
      propertyPath: m_LocalPosition.y
      value: 0
      objectReference: {fileID: 0}
    - target: {fileID: 400000, guid: b1ccec4d74cf6e146953f61dd196b0d9, type: 3}
      propertyPath: m_LocalPosition.z
      value: 0
      objectReference: {fileID: 0}
    - target: {fileID: 400000, guid: b1ccec4d74cf6e146953f61dd196b0d9, type: 3}
      propertyPath: m_LocalRotation.x
      value: 0
      objectReference: {fileID: 0}
    - target: {fileID: 400000, guid: b1ccec4d74cf6e146953f61dd196b0d9, type: 3}
      propertyPath: m_LocalRotation.y
      value: 0
      objectReference: {fileID: 0}
    - target: {fileID: 400000, guid: b1ccec4d74cf6e146953f61dd196b0d9, type: 3}
      propertyPath: m_LocalRotation.z
      value: 0
      objectReference: {fileID: 0}
    - target: {fileID: 400000, guid: b1ccec4d74cf6e146953f61dd196b0d9, type: 3}
      propertyPath: m_LocalRotation.w
      value: 1
      objectReference: {fileID: 0}
    - target: {fileID: 400000, guid: b1ccec4d74cf6e146953f61dd196b0d9, type: 3}
      propertyPath: m_RootOrder
      value: 1
      objectReference: {fileID: 0}
    - target: {fileID: 400000, guid: b1ccec4d74cf6e146953f61dd196b0d9, type: 3}
      propertyPath: m_LocalEulerAnglesHint.x
      value: 0
      objectReference: {fileID: 0}
    - target: {fileID: 400000, guid: b1ccec4d74cf6e146953f61dd196b0d9, type: 3}
      propertyPath: m_LocalEulerAnglesHint.y
      value: 0
      objectReference: {fileID: 0}
    - target: {fileID: 400000, guid: b1ccec4d74cf6e146953f61dd196b0d9, type: 3}
      propertyPath: m_LocalEulerAnglesHint.z
      value: 0
      objectReference: {fileID: 0}
    - target: {fileID: 400000, guid: b1ccec4d74cf6e146953f61dd196b0d9, type: 3}
      propertyPath: m_LocalScale.x
      value: 2.5928001
      objectReference: {fileID: 0}
    - target: {fileID: 400000, guid: b1ccec4d74cf6e146953f61dd196b0d9, type: 3}
      propertyPath: m_LocalScale.y
      value: 2.5928006
      objectReference: {fileID: 0}
    - target: {fileID: 400000, guid: b1ccec4d74cf6e146953f61dd196b0d9, type: 3}
      propertyPath: m_LocalScale.z
      value: 2.5928
      objectReference: {fileID: 0}
    - target: {fileID: 2300000, guid: b1ccec4d74cf6e146953f61dd196b0d9, type: 3}
      propertyPath: m_Materials.Array.data[0]
      value: 
      objectReference: {fileID: 2100000, guid: 4d169d457eb1c3d46846361be94f2c63, type: 2}
    m_RemovedComponents: []
  m_SourcePrefab: {fileID: 100100000, guid: b1ccec4d74cf6e146953f61dd196b0d9, type: 3}
--- !u!1 &4872013680354054346 stripped
GameObject:
  m_CorrespondingSourceObject: {fileID: 100000, guid: b1ccec4d74cf6e146953f61dd196b0d9,
    type: 3}
  m_PrefabInstance: {fileID: 4872013680354088554}
  m_PrefabAsset: {fileID: 0}
--- !u!4 &4872013680354479338 stripped
Transform:
  m_CorrespondingSourceObject: {fileID: 400000, guid: b1ccec4d74cf6e146953f61dd196b0d9,
    type: 3}
  m_PrefabInstance: {fileID: 4872013680354088554}
  m_PrefabAsset: {fileID: 0}
